@article{lpvm2015,
  author    = {Graeme Gange and
               Jorge A. Navas and
               Peter Schachte and
               Harald S{\o}ndergaard and
               Peter J. Stuckey},
  title     = {Horn Clauses as an Intermediate Representation for Program Analysis
               and Transformation},
  journal   = {CoRR},
  volume    = {abs/1507.05762},
  year      = {2015}
}
