@article{lpvm2015,
Author = {Gange, Graeme and Navas, Jorge A. and Schachte, Peter and
                  Sondergaard, Harald and Stuckey, Peter J.},
Keywords = {Computer Science - Programming Languages},
Title = {Horn Clauses as an Intermediate Representation for Program Analysis
                  and Transformation.},
URL = {https://ezp.lib.unimelb.edu.au/login?url=https://search-ebscohost-com.ezp.lib.unimelb.edu.au/login.aspx?direct=true&db=edsarx&AN=1507.05762&site=eds-live&scope=site},
Year = {2015},
}

